@inproceedings{abadi2016tensorflow,
  title={TensorFlow: A system for large-scale machine learning},
  author={Abadi, Mart{\'\i}n and Barham, Paul and Chen, Jianmin and Chen, Zhifeng and Davis, Andy and Dean, Jeffrey and Devin, Matthieu and Ghemawat, Sanjay and Irving, Geoffrey and Isard, Michael and others},
  booktitle={Proceedings of the 12th USENIX Symposium on Operating Systems Design and Implementation (OSDI). Savannah, Georgia, USA},
  year={2016}
}
@inproceedings{abeywardana2015variational,
  title={Variational Inference for Nonparametric Bayesian Quantile Regression.},
  author={Abeywardana, Sachinthaka and Ramos, Fabio},
  booktitle={AAAI},
  pages={1686--1692},
  year={2015}
}
@article{aly2005survey,
  title={Survey on multiclass classification methods},
  author={Aly, Mohamed},
  journal={Neural Netw},
  pages={1--9},
  year={2005}
}
@article{bachrach1999bone,
  title={Bone Mineral Acquisition in Healthy Asian, Hispanic, Black, and Caucasian Youth: A Longitudinal Study 1},
  author={Bachrach, Laura K and Hastie, Trevor and Wang, May-Choo and Narasimhan, Balasubramanian and Marcus, Robert},
  journal={The Journal of Clinical Endocrinology \& Metabolism},
  volume={84},
  number={12},
  pages={4702--4712},
  year={1999},
  publisher={Endocrine Society}
}
@article{bartlett2002rademacher,
  title={Rademacher and Gaussian complexities: Risk bounds and structural results},
  author={Bartlett, Peter L and Mendelson, Shahar},
  journal={Journal of Machine Learning Research},
  volume={3},
  number={Nov},
  pages={463--482},
  year={2002}
}
@book{bauer1981probability,
  title={Probability theory and elements of measure theory},
  author={Bauer, Heinz and Burckel, Robert B},
  year={1981},
  publisher={Academic Press London}
}
@book{bertsekas1999nonlinear,
  title={Nonlinear programming},
  author={Bertsekas, Dimitri P},
  year={1999},
  publisher={Athena scientific Belmont}
}
@article{boukouvalas2012gaussian,
  title={Gaussian process quantile regression using expectation propagation},
  author={Boukouvalas, Alexis and Barillec, Remi and Cornford, Dan},
  journal={arXiv preprint arXiv:1206.6391},
  year={2012}
}
@inproceedings{flaxman2016bayesian,
  title={Bayesian learning of kernel embeddings},
  author={Flaxman, Seth and Sejdinovic, Dino and Cunningham, John P and Filippi, Sarah},
  booktitle={Proceedings of the Thirty-Second Conference on Uncertainty in Artificial Intelligence},
  pages={182--191},
  year={2016},
  organization={AUAI Press}
}
@inproceedings{franc2011support,
  title={Support vector machines as probabilistic models},
  author={Franc, Vojtech and Zien, Alexander and Sch{\"o}lkopf, Bernhard},
  booktitle={Proceedings of the 28th International Conference on Machine Learning (ICML-11)},
  pages={665--672},
  year={2011}
}
@article{fukumizu2004dimensionality,
  title={Dimensionality reduction for supervised learning with reproducing kernel Hilbert spaces},
  author={Fukumizu, Kenji and Bach, Francis R and Jordan, Michael I},
  journal={Journal of Machine Learning Research},
  volume={5},
  number={Jan},
  pages={73--99},
  year={2004}
}
@article{fukumizu2013kernel,
  title={Kernel Bayes' rule: Bayesian inference with positive definite kernels.},
  author={Fukumizu, Kenji and Song, Le and Gretton, Arthur},
  journal={Journal of Machine Learning Research},
  volume={14},
  number={1},
  pages={3753--3783},
  year={2013}
}
@article{genton2001classes,
  title={Classes of kernels for machine learning: a statistics perspective},
  author={Genton, Marc G},
  journal={Journal of machine learning research},
  volume={2},
  number={Dec},
  pages={299--312},
  year={2001}
}
@article{hastie2005the,
  author = {Hastie, Trevor and Tibshirani, Robert and Friedman, Jerome and Franklin, James},
  journal = {The Mathematical Intelligencer},
  number = {2},
  pages = {83--85},
  publisher = {Springer},
  title = {{The elements of statistical learning: data mining, inference and prediction}},
  volume = {27},
  year = {2005}
}
@article{he1997quantile,
  title={Quantile curves without crossing},
  author={He, Xuming},
  journal={The American Statistician},
  volume={51},
  number={2},
  pages={186--192},
  year={1997},
  publisher={Taylor \& Francis Group}
}
@article{hjort2007nonparametric,
  title={Nonparametric quantile inference using Dirichlet processes},
  author={Hjort, Nils Lid and Petrone, Sonia},
  journal={Advances in statistical modeling and inference},
  pages={463--492},
  year={2007}
}
@article{hjort2009quantile,
  title={Quantile pyramids for Bayesian nonparametrics},
  author={Hjort, Nils Lid and Walker, Stephen G},
  journal={The Annals of Statistics},
  pages={105--131},
  year={2009},
  publisher={JSTOR}
}
@article{hsu2002comparison,
  title={A comparison of methods for multiclass support vector machines},
  author={Hsu, Chih-Wei and Lin, Chih-Jen},
  journal={IEEE transactions on Neural Networks},
  volume={13},
  number={2},
  pages={415--425},
  year={2002},
  publisher={IEEE}
}
@article{jaynes1957information,
  title={Information theory and statistical mechanics},
  author={Jaynes, Edwin T},
  journal={Physical review},
  volume={106},
  number={4},
  pages={620},
  year={1957},
  publisher={APS}
}
@inproceedings{kanagawa2014recovering,
  title={Recovering Distributions from Gaussian RKHS Embeddings.},
  author={Kanagawa, Motonobu and Fukumizu, Kenji},
  booktitle={AISTATS},
  pages={457--465},
  year={2014}
}
@article{kanagawa2016filtering,
  title={Filtering with state-observation examples via kernel monte carlo filter},
  author={Kanagawa, Motonobu and Nishiyama, Yu and Gretton, Arthur and Fukumizu, Kenji},
  journal={Neural computation},
  volume={28},
  number={2},
  pages={382--444},
  year={2016},
  publisher={MIT Press}
}
@article{kearns1997experimental,
  title={An experimental and theoretical comparison of model selection methods},
  author={Kearns, Michael and Mansour, Yishay and Ng, Andrew Y and Ron, Dana},
  journal={Machine Learning},
  volume={27},
  number={1},
  pages={7--50},
  year={1997},
  publisher={Springer}
}
@article{kimeldorf1971some,
  title={Some results on Tchebycheffian spline functions},
  author={Kimeldorf, George and Wahba, Grace},
  journal={Journal of mathematical analysis and applications},
  volume={33},
  number={1},
  pages={82--95},
  year={1971},
  publisher={Elsevier}
}
@article{koenker1978regression,
  title={Regression quantiles},
  author={Koenker, Roger and Bassett, Gilbert and Jan, No},
  journal={Econometrica: Journal of the Econometric Society},
  pages={33--50},
  year={1978},
  publisher={JSTOR}
}
@book{koenker2005quantile,
  title={Quantile regression},
  author={Koenker, Roger},
  year={2005},
  publisher={Cambridge university press}
}
@article{langford2012predicting,
  title={Predicting conditional quantiles via reduction to classification},
  author={Langford, John and Oliveira, Roberto and Zadrozny, Bianca},
  journal={arXiv preprint arXiv:1206.6860},
  year={2012}
}
@article{lecun1998gradient,
  title={Gradient-based learning applied to document recognition},
  author={LeCun, Yann and Bottou, L{\'e}on and Bengio, Yoshua and Haffner, Patrick},
  journal={Proceedings of the IEEE},
  volume={86},
  number={11},
  pages={2278--2324},
  year={1998},
  publisher={IEEE}
}
@article{lecun2015deep,
  title={Deep learning},
  author={LeCun, Yann and Bengio, Yoshua and Hinton, Geoffrey},
  journal={Nature},
  volume={521},
  number={7553},
  pages={436--444},
  year={2015},
  publisher={Nature Research}
}
@book{ledoux2013probability,
  title={Probability in Banach Spaces: isoperimetry and processes},
  author={Ledoux, Michel and Talagrand, Michel},
  year={2013},
  publisher={Springer Science \& Business Media}
}
@misc{lichman2013uci,
  author = "M. Lichman",
  year = "2013",
  title = "{UCI} Machine Learning Repository",
  url = "http://archive.ics.uci.edu/ml",
  institution = "University of California, Irvine, School of Information and Computer Sciences"
}
@inproceedings{mairal2014convolutional,
  title={Convolutional kernel networks},
  author={Mairal, Julien and Koniusz, Piotr and Harchaoui, Zaid and Schmid, Cordelia},
  booktitle={Advances in Neural Information Processing Systems},
  pages={2627--2635},
  year={2014}
}
@inproceedings{mccalman2013multi,
  title={Multi-modal estimation with kernel embeddings for learning motion models},
  author={McCalman, Lachlan and O'Callaghan, Simon and Ramos, Fabio},
  booktitle={Robotics and Automation (ICRA), 2013 IEEE International Conference on},
  pages={2845--2852},
  year={2013},
  organization={IEEE}
}
@article{muandet2016kernel,
  title={Kernel Mean Embedding of Distributions: A Review and Beyonds},
  author={Muandet, Krikamol and Fukumizu, Kenji and Sriperumbudur, Bharath and Sch{\"o}lkopf, Bernhard},
  journal={arXiv preprint arXiv:1605.09522},
  year={2016}
}
@incollection{m2001introduction,
  title={An introduction to kernel-based learning algorithms},
  author={M{\"u}ller, Klaus-Robert and Mika, Sebastian and R{\"a}tsch, Gunnar and Tsuda, Koji and Sch{\"o}lkopf, Bernhard},
  booktitle={Handbook of Neural Network Signal Processing},
  year={2001},
  publisher={CRC Press}
}
@inproceedings{quadrianto2009kernel,
  title={Kernel Conditional Quantile Estimation via Reduction Revisited.},
  author={Quadrianto, Novi and Kersting, Kristian and Reid, Mark D and Caetano, Tib{\'e}rio S and Buntine, Wray L and others},
  booktitle={ICDM},
  pages={938--943},
  year={2009}
}
@book{rasmussen2006gaussian,
  title={Gaussian processes for machine learning},
  author={Rasmussen, Carl Edward and Williams, Christopher K. I.},
  year={2006},
  publisher={The MIT Press},
  location = {Cambridge, Massachusett}
}
@article{shannon1951prediction,
  title={Prediction and entropy of printed English},
  author={Shannon, Claude E},
  journal={Bell Labs Technical Journal},
  volume={30},
  number={1},
  pages={50--64},
  year={1951},
  publisher={Wiley Online Library}
}
@inproceedings{smola2007hilbert,
  title={A Hilbert space embedding for distributions},
  author={Smola, Alex and Gretton, Arthur and Song, Le and Sch{\"o}lkopf, Bernhard},
  booktitle={International Conference on Algorithmic Learning Theory},
  pages={13--31},
  year={2007},
  organization={Springer}
}
@inproceedings{song2009hilbert,
  title={Hilbert space embeddings of conditional distributions with applications to dynamical systems},
  author={Song, Le and Huang, Jonathan and Smola, Alex and Fukumizu, Kenji},
  booktitle={Proceedings of the 26th Annual International Conference on Machine Learning},
  pages={961--968},
  year={2009},
  organization={ACM}
}
@article{song2013kernel,
  title={Kernel embeddings of conditional distributions: A unified kernel framework for nonparametric inference in graphical models},
  author={Song, Le and Fukumizu, Kenji and Gretton, Arthur},
  journal={IEEE Signal Processing Magazine},
  volume={30},
  number={4},
  pages={98--111},
  year={2013},
  publisher={IEEE}
}
@inproceedings{sriperumbudur2008injective,
  title={Injective Hilbert Space Embeddings of Probability Measures.},
  author={Sriperumbudur, Bharath K and Gretton, Arthur and Fukumizu, Kenji and Lanckriet, Gert RG and Sch{\"o}lkopf, Bernhard},
  booktitle={COLT},
  volume={21},
  pages={111--122},
  year={2008}
}
@inproceedings{sriperumbudur2009kernel,
  title={Kernel Choice and Classifiability for RKHS Embeddings of Probability Distributions.},
  author={Sriperumbudur, Bharath K and Fukumizu, Kenji and Gretton, Arthur and Lanckriet, Gert RG and Sch{\"o}lkopf, Bernhard},
  booktitle={NIPS},
  pages={1750--1758},
  year={2009}
}
@article{sriperumbudur2010hilbert,
  title={Hilbert space embeddings and metrics on probability measures},
  author={Sriperumbudur, Bharath K and Gretton, Arthur and Fukumizu, Kenji and Sch{\"o}lkopf, Bernhard and Lanckriet, Gert RG},
  journal={Journal of Machine Learning Research},
  volume={11},
  number={Apr},
  pages={1517--1561},
  year={2010}
}
@inproceedings{sriperumbudur2010relation,
  title={On the relation between universality, characteristic kernels and RKHS embedding of measures.},
  author={Sriperumbudur, Bharath K and Fukumizu, Kenji and Lanckriet, Gert RG},
  booktitle={AISTATS},
  pages={773--780},
  year={2010}
}
@article{sriperumbudur2011universality,
  title={Universality, characteristic kernels and RKHS embedding of measures},
  author={Sriperumbudur, Bharath K and Fukumizu, Kenji and Lanckriet, Gert RG},
  journal={Journal of Machine Learning Research},
  volume={12},
  number={Jul},
  pages={2389--2410},
  year={2011}
}
@article{taddy2012bayesian,
  title={A Bayesian nonparametric approach to inference for quantile regression},
  author={Taddy, Matthew A and Kottas, Athanasios},
  journal={Journal of Business \& Economic Statistics},
  year={2012},
  publisher={Taylor \& Francis}
}
@article{takeuchi2006nonparametric,
  title={Nonparametric quantile estimation},
  author={Takeuchi, Ichiro and Le, Quoc V and Sears, Timothy D and Smola, Alexander J},
  journal={Journal of Machine Learning Research},
  volume={7},
  number={Jul},
  pages={1231--1264},
  year={2006}
}
@article{xu2009refinement,
  title={Refinement of reproducing kernels},
  author={Xu, Yuesheng and Zhang, Haizhang},
  journal={Journal of Machine Learning Research},
  volume={10},
  number={Jan},
  pages={107--140},
  year={2009}
}
@article{xu2016local,
  title={Local rademacher complexity for multi-label learning},
  author={Xu, Chang and Liu, Tongliang and Tao, Dacheng and Xu, Chao},
  journal={IEEE Transactions on Image Processing},
  volume={25},
  number={3},
  pages={1495--1507},
  year={2016},
  publisher={IEEE}
}
@article{yu2001bayesian,
  title={Bayesian quantile regression},
  author={Yu, Keming and Moyeed, Rana A},
  journal={Statistics \& Probability Letters},
  volume={54},
  number={4},
  pages={437--447},
  year={2001},
  publisher={Elsevier}
}
@inproceedings{yu2014large,
  title={Large-scale Multi-label Learning with Missing Labels},
  author={Yu, Hsiang-fu and Jain, Prateek and Kar, Purushottam and Dhillon, Inderjit},
  booktitle={Proceedings of the 31st International Conference on Machine Learning (ICML-14)},
  pages={593--601},
  year={2014}
}
@inproceedings{zadrozny2002transforming,
  title={Transforming classifier scores into accurate multiclass probability estimates},
  author={Zadrozny, Bianca and Elkan, Charles},
  booktitle={Proceedings of the eighth ACM SIGKDD international conference on Knowledge discovery and data mining},
  pages={694--699},
  year={2002},
  organization={ACM}
}

# Datasets
# banknote
@article{kaya2016banknote,
  title={Banknote Classification Using Artificial Neural Network Approach},
  author={Kaya, Esra and Yasar, Ali and Saritas, Ismail},
  journal={International Journal of Intelligent Systems and Applications in Engineering},
  volume={4},
  number={1},
  pages={16--19},
  year={2016}
}

# ecoli and yeast
@inproceedings{horton1996probabilistic,
  title={A probabilistic classification system for predicting the cellular localization sites of proteins.},
  author={Horton, Paul and Nakai, Kenta},
  booktitle={Ismb},
  volume={4},
  pages={109--115},
  year={1996}
}

# iris
@article{koggalage2004reducing,
  title={Reducing the number of training samples for fast support vector machine classification},
  author={Koggalage, Ravindra and Halgamuge, Saman},
  journal={Neural Information Processing-Letters and Reviews},
  volume={2},
  number={3},
  pages={57--65},
  year={2004},
  publisher={Citeseer}
}
@inproceedings{kohavi1995study,
  title={A study of cross-validation and bootstrap for accuracy estimation and model selection},
  author={Kohavi, Ron and others},
  booktitle={Ijcai},
  volume={14},
  number={2},
  pages={1137--1145},
  year={1995},
  organization={Stanford, CA}
}
@article{swain2012approach,
  title={An approach for iris plant classification using neural network},
  author={Swain, Madhusmita and Dash, Sanjit Kumar and Dash, Sweta and Mohapatra, Ayeskanta},
  journal={International Journal on Soft Computing},
  volume={3},
  number={1},
  pages={79},
  year={2012},
  publisher={Academy \& Industry Research Collaboration Center (AIRCC)}
}
# wine
@article{aeberhard1992comparison,
  title={Comparison of classifiers in high dimensional settings},
  author={Aeberhard, S and Coomans, D and De Vel, O},
  journal={Dept. Math. Statist., James Cook Univ., North Queensland, Australia, Tech. Rep},
  number={92-02},
  year={1992}
}

# segment
@article{lim2000comparison,
  title={A comparison of prediction accuracy, complexity, and training time of thirty-three old and new classification algorithms},
  author={Lim, Tjen-Sien and Loh, Wei-Yin and Shih, Yu-Shan},
  journal={Machine learning},
  volume={40},
  number={3},
  pages={203--228},
  year={2000},
  publisher={Springer}
}