@article{kaya2016banknote,
  title={Banknote Classification Using Artificial Neural Network Approach},
  author={Kaya, Esra and Yasar, Ali and Saritas, Ismail},
  journal={International Journal of Intelligent Systems and Applications in Engineering},
  volume={4},
  number={1},
  pages={16--19},
  year={2016}
}